@inproceedings{ref1,
	address = {TOMS, 45(2)},
	title = {The Peano software---parallel, automaton-based, dynamically adaptive grid traversals },
	author = {Weinzierl, T.},
	year = {2019},
}

@article{REINARZ2020107251,
    title = {ExaHyPE: An engine for parallel dynamically adaptive simulations of wave problems},
    journal = {Computer Physics Communications},
    volume = {254},
    year = {2020},
    issn = {0010-4655},
    doi = {https://doi.org/10.1016/j.cpc.2020.107251},
    url = {https://www.sciencedirect.com/science/article/pii/S001046552030076X},
    author = {Anne Reinarz and Dominic E. Charrier and Michael Bader and Luke Bovard and Michael Dumbser and Kenneth Duru and Francesco Fambri and Alice-Agnes Gabriel and Jean-Matthieu Gallard and Sven KÃ¶ppel and Lukas Krenz and Leonhard Rannabauer and Luciano Rezzolla and Philipp Samfass and Maurizio Tavelli and Tobias Weinzierl}
}

@article{zhang2022spherical,
    title={Spherical accretion of collisional gas in modified gravity I: self-similar solutions and a new cosmological hydrodynamical code},
    author={Zhang, Han and Weinzierl, Tobias and Schulz, Holger and Li, Baojiu},
    journal={Monthly Notices of the Royal Astronomical Society},
    volume={515},
    number={2},
    pages={2464--2482},
    year={2022},
    publisher={Oxford University Press}
}